
@article{Bachant:2018,
    author = {Bachant, P. and Goude, A. and Wosnik, M.},
    title = {Actuator line modeling of vertixal-axis turbines},
    journal = {arXiv},
    year = {published online 22 Sep. 2018}
}

@article{Campana:2023,
    author = {Campana-Alonso, G. and Martin-San-Roman, R. and Mendez-Lopez, B. and Benito-Cia, P. and Azcona-Armendariz, J.},
    title = {OF2: Coupling OpenFAST and OpenFOAm for high-fidelity aero-hydro-servo-elastic FOWT simulations},
    journal = {Wind Energy Science Discussions},
    publisher = {European Association of Wind Energy EAWE},
    year = {published online 03. Mar. 2023},
	doi = {10.5194/wes-2023-19}
}

@article{
    Chourdakis:2022,
    author = {Chourdakis, G and Davis, K and Rodenberg, B and Schulte, M and Simonis, F and Uekermann, B and Abrams, G and Bungartz, HJ and Cheung Yau, L and Desai, I and Eder, K and Hertrich, R and Lindner, F and Rusch, A and Sashko, D and Schneider, D and Totounferoush, A and Volland, D and Vollmer, P and Koseomur, OZ},
    title = {{preCICE v2}: A sustainable and user-friendly coupling library [version 2; peer review: 2 approved]},
    journal = {Open Research Europe},
    volume = {2},
    year = {2022},
    number = {51},
    doi = {10.12688/openreseurope.14445.2}
}

@article{
    Taschner:2022,
    author = {Taschner, E. and Folkersma, M. and Martinez-Tossa, L.A. and Verzijlbergh, R. and van Wingerden, J.W.},
    title = {A new coupling of a GPU-resident large-eddy simulation code with a multiphysics wind turbine simulation tool},
    journal = {Wind Energy},
    year = {2023},
    pages = {1-21},
    doi = {10.1002/we.2844}
}

@article{
    Sprague:2019,
    author = {Sprague, M. A. and Ananthan, S. Vijayakumar, C. and Robinson, M.},
    title = {ExaWind: A multifidelity modeling and simulation environment for wind energy},
    journal = {Journal of Physics: Conference Series},
    publisher = {NAWEA/WindTech 2019 Conference, Amherst, MA},
    year = {2019},
    doi = {10.1088/1742-6596/1452/1/012071}
}

@report{Ananthan:2019,
    author = {Ananthan, S. and Capone, L. and de Frahan, M. H. and Hu, J. and Melvin, J. and Overfelt, J. and Sharma, A. and Sitaraman, J. and Swirydowicz, K. and Thomas, S. and Vijayakumar, C. and Williams, A. and Yellapantulla, S. and Sprague, M. A.},
    title = {Nalu-Wind and OpenFAST: A high-fidelity modeling and simulation environment for wind energy},
    number = {SAND2019-3687R},
    year = {2019}
}

@report{Jonkman:2009,
    author = {Jonkman, J. and Butterfield, S. and Musial, W. and Scott, G.},
    title = {Definition of a 5-MW Reference Wind Turbine for Offshore System Development},
    number = {NREL/TP-500-38060},
    year = {2009}
}

@report{Churchfield:2017,
    author = {Churchfield, M. and Schreck, S. and Martinez-Tossas, L. A. and Meneveau, C. and Spalart, P. R.},
    title = {An advanced actuator line method for wind energy applications and beyond},
    number = {NREL/CP-5000-67611},
    year = {March 2017}
}

@phdthesis{
    Gatzhammer:2014,
    author = {Gatzhammer, B.},
    title = {Efficient and Flexible Partitioned Simulation of Fluid-Structure Interactions},
    school = {Technical University of Munich},
    year = {2014},
    pages = {1-183}
}

@misc{
    Weber:2017,
    author = {Weber, M.},
    title = {fastFoam: An aero-servo-elastic wind turbine simulation method based on CFD},
    school = {Delft University of Technology},
    year = {2017},
    type = {Master thesis}
}

@misc{
    Churchfield:2012,
    author = {Churchfield, M. and Lee, S. and Moriarty, P.},
    title = {Overview of the Simulator for Wind Farm Applications (SOWFA)},
    year = {2012},
    type = {Presentation},
    url = {https://www.nrel.gov/wind/nwtc/assets/pdfs/sowfa-tutorial.pdf}
}

